2634 4517
1065 185 1166 256 ,ότι

300 347 369 443 640⁹
550 350 628 480 ,ές
747 339 793 437 ²&
904 341 948 440 ᾗ

303 507 373 580 non
392 503 505 590 video,
530 527 588 574 cnr
606 499 823 604 antiquillimis
846 505 1073 604 temporibus,
1087 503 1194 581 eidem

302 601 448 679 subscribi
462 630 529 675 non
548 610 704 702 potuerit:
723 603 892 705 antequam
907 599 1194 704 ulus,tyrannusil-

304 706 346 792 le,
361 709 604 792 Grammaticos,
631 701 670 774 ad
691 703 838 776 vocalem
857 705 986 778 brevem
1000 705 1195 808 compulsos,

302 828 419 880 tonum
431 825 540 876 tamen
553 809 694 876 veterem
706 811 842 876 retinere
855 813 975 906 coegit.
1037 810 1194 898 Nomina,

303 914 338 980 in
349 917 380 1002 ζ
393 905 577 992 defluentia,
591 903 642 976 vel
662 911 791 1004 propria¹
805 900 887 989 sunt,
900 904 952 998 ¹vel
966 903 1118 980 suffixum
1157 917 1195 1004 rj.

302 1036 363 1080 mae
383 1001 524 1108 persona
539 1001 665 1104 pluralis
679 1000 839 1094 sustinent,
860 1003 912 1076 vel
925 1006 1020 1078 aliam
1034 937 1196 1109 quantlam

222 1105 228 1112 ⁶
302 1130 450 1200 naturam
475 1133 538 1205 prae
557 1099 588 1176 se
615 1101 700 1177 ferre
726 1104 880 1178 videntur.
923 1106 1092 1180 Suffixum
1111 1120 1141 1210 t·
1161 1118 1197 1184 in

302 1202 489 1282 nominrlrus
504 1200 669 1277 masculini
683 1211 806 1306 generis
822 1225 938 1277 tonum
952 1214 986 1278 in
1000 1215 1196 1286 anteriorem

237 1313 240 1318 ’
300 1307 455 1406 syllabam
469 1311 597 1378 relicere
611 1329 681 1378 non
695 1313 810 1404 potuit,
824 1325 1000 1405 propterea,
1015 1307 1104 1412 quod
1120 1338 1197 1398 eum

303 1412 347 1481 ibi
356 1417 425 1481 'iam
439 1412 608 1506 antiquitus
622 1411 656 1478 &
670 1412 739 1478 iure
752 1433 772 1478 o
797 1412 877 1478 timo
893 1414 1036 1482 maximo
1052 1407 1198 1486 locatum

301 1528 465 1610 repererat.
514 1509 647 1579 Etenim
674 1511 754 1605 epo
780 1501 899 1579 ellione
918 1528 1024 1580 vetere
1047 1510 1132 1581 nihil
1153 1531 1198 1586 te·

199 1613 205 1624 '
303 1639 391 1684 mere
406 1608 570 1682 deturbare
588 1605 662 1679 licet
682 1633 724 1678 ne
745 1607 966 1684 Grammaticis
979 1607 1133 1709 quidem,
1155 1631 1198 1684 at.

302 1739 364 1812 que
390 1712 443 1782 hic
465 1706 596 1807 quidem
616 1733 657 1778 eo
680 1714 786 1778 minus
809 1706 918 1791 libuit,
939 1715 1012 1808 quia
1033 1716 1197 1811 originem

303 1815 396 1882 huius
410 1806 511 1882 suffixi
524 1813 683 1880 memoria
698 1808 856 1882 tenebant.
897 1810 1041 1908 Originis
1054 1817 1198 1886 maxima

188 1923 192 1934 “
304 1905 428 2010 semper
444 1917 488 1980 vis
508 1905 570 1980 fuit
584 1916 618 1978 in
632 1907 767 1978 Hebraea
786 1906 903 2007 lingua.
951 1911 1071 2010 Neque·
1088 1929 1198 1984 natura

303 2007 492 2083 suffixorum
534 2010 703 2094 atiebatur,
723 2025 757 2077 ut
780 2026 862 2078 tono
882 2013 1101 2104 privarentur,
1123 2039 1197 2084 cum

198 2183 202 2192 ,
304 2117 340 2183 in
358 2118 397 2182 iis
418 2036 580 2208 potilllma
598 2114 664 2191 uis,
686 2103 847 2178 interdum
869 2114 965 2180 etiam
983 2104 1142 2183 seiuntrio
1161 2117 1196 2186 ᾱ

287 2193 477 2309 ιορροίῐῖὶο,
497 2205 552 2278 fita
566 2205 611 2278 fit.
664 2205 721 2276 Illa
735 2225 858 2294 autem,
873 2211 908 2278 in
928 2203 1040 2310 quibus
1056 2212 1198 2282 manime¹
1227 2259 1229 2264 -

303 2318 350 2383 vis
366 2305 456 2392 inest,
472 2326 588 2378 tonum
604 2303 661 2378 libi
673 2333 729 2405 per
743 2328 887 2396 narumm
901 2303 1056 2381 sermonis
1072 2317 1107 2382 ἃ
1120 2307 1196 2382 sanz

304 2415 421 2482 mentis
442 2405 619 2492 uindicant;
646 2405 705 2476 nifi
724 2403 810 2478 forte
826 2434 1061 2510 nonnunquam
1077 2416 1125 2482 vir
1143 2408 1197 2483 illa'

305 2507 426 2622 inpune
440 2503 570 2602 syllabas
584 2503 712 2576 dillralui
727 2524 829 2676 guent,
841 2533 909 2607 quae
922 2529 1054 2608 propter
1061 2513 1199 2584 moram

303 2613 587 2710 pronuntiationis*
607 2599 677 2675 satis
711 2602 769 2675 fii
796 2606 970 2679 conciliant
1000 2610 1199 2693 attentionis,

304 2713 425 2782 Tonus
447 2725 570 2792 autem,
591 2731 686 2807 quam
709 2711 743 2775 in
756 2699 1060 2782 masculinisledem
1075 2710 1200 2783 obtine·

304 2811 370 2896 bat,
384 2836 456 2879 eam
472 2813 506 2876 in
513 2803 690 2880 foemininis
704 2803 838 2878 demum
852 2825 1058 2880 mutarenon
1073 2803 1200 2908 poterat

306 2905 506 2995 commode3
536 2933 611 2978 etun
633 2900 804 3004 praesertim
834 2933 895 3007 pro
927 2904 1040 2980 eadem
1076 2927 1199 2999 cetere,

255 3045 261 3062 ε
306 3037 382 3114 quas
396 3012 591 3095 memoravi,
610 3011 748 3078 rationes
767 3027 1018 3108 propugnarent.
1100 3008 1200 3100 Quod

305 3109 346 3183 ad
359 3114 494 3181 nomina
513 3112 642 3207 propria
662 3111 816 3204 pertinet,
836 3136 872 3180 ea
885 3135 925 3180 ex
944 3103 1061 3183 eodem
1082 3103 1200 3202 suffixo

305 3208 443 3284 conflata
462 3204 564 3280 videri
585 3201 733 3306 poss'unt,
755 3234 791 3278 ac
809 3207 947 3309 proinde
967 3235 984 3279 a
1003 3226 1117 3282 natura
1138 3237 1196 3282 no-

306 3317 452 3393 minum,
467 3335 536 3407 quae
554 3302 703 3379 suffixum
717 3303 885 3393 sullinent,
915 3307 999 3381 nihil
1020 3304 1197 3408 discrepare
1219 3335 1221 3342 ·

304 3429 434 3510 queunt.
468 3410 594 3491 Cetera,
614 3411 649 3478 in
669 3421 704 3500 '¹-
724 3404 908 3494 delinentia,
928 3436 958 3483 v.
978 3436 1012 3511 g,
1032 3390 1133 3502 filit,
1156 3436 1196 3482 ex

306 3506 378 3610 ipsis
400 3511 692 3582 Grammaticorum
723 3515 883 3609 preceptis
909 3508 950 3582 de
970 3509 1196 3610 particularum

308 3627 418 3688 namra
425 3606 523 3685 facile
540 3606 730 3700 iudicaram
778 3613 867 3688 Cum
879 3615 967 3687 enirn
989 3614 1197 3783 euenumgri·

375 3733 378 3738 ·
1159 3735 1195 3781 ua
