2634 4517
143 351 154 378 ““
216 357 278 428 292
417 394 425 408 ι
496 333 562 429 'ss
663 333 707 430 ἡ
806 334 850 433 22<
974 381 977 388 ·

125 533 128 538 ·
215 531 295 607 gem
309 499 539 598 conformatas,
556 532 592 575 ac
607 504 719 606 figura
734 504 866 602 telluris,
880 504 1042 606 oculoque
1055 499 1127 604 ,spe-

102 627 118 636 ''
219 610 362 690 dictoris,
383 599 622 704 respondentes.
671 600 811 679 Effectus·
835 601 994 678 dederunt
1021 603 1069 675 illi
1092 591 1144 677 id,

120 747 127 772 t
213 704 344 800 consilii
365 711 431 776 iam
451 711 488 776 in
508 703 598 778 editis
621 700 736 798 tabulis¹
759 701 848 806 haud
868 711 951 796 unis.¹
999 707 1125 806 Optan-

128 804 133 824 '
215 804 295 879 dum
316 805 380 894 cst,
405 807 441 877 ut
461 803 570 902 iidem¹
586 803 621 878 id
642 799 816 902 conlilium
830 833 933 908 porro
957 813 1054 878 etiam
1078 801 1125 879 [e-

214 927 364 1010 quanttn,
378 901 544 1008 &figuras
559 904 758 1008 Mapparum
781 908 821 981 ad
844 907 986 1008 figuram
1001 907 1124 980 telluris

215 1005 380 1084 reducant.
431 1001 609 1110 Quiseniin
622 1008 680 1080 fibi
694 1005 903 1108 persuadebit,
917 1004 1123 1107 superficiem

215 1107 338 1209 telluris
356 1115 535 1208 etiapeaiis
558 1107 730 1182 r'effilneis
741 1106 965 1214 squadrilateris
983 1115 1130 1210 propotss'

218 1199 392 1283 tionalibus
413 1209 630 1309 'cornp'olitam
652 1206 714 1283 effe
728 1217 763 1288 d(
779 1205 972 1302 conflatam?
1061 1237 1063 1242 ·
1147 1239 1150 1244 ·

233 1303 236 1308 ¹
261 1303 353 1385 XIV.
377 1308 492 1398 Solent
513 1305 554 1400 ii,
586 1317 641 1412 qui
666 1310 811 1384 inllituto
839 1310 1031 1406 Sansoniano
1050 1307 1131 1412 pal·

211 1430 348 1514 pantur,
387 1409 540 1504 nonnihil
573 1397 841 1512 argumentorum
871 1405 1013 1497 afferre,
1050 1407 1131 1515 quo>

209 1515 406 1606 Haustanam
426 1507 796 1606 methodum'sustinent
820 1509 1033 1586 deterrere&
1060 1513 1120 1585 ob·

211 1615 356 1711 tredlare.
409 1607 715 1714 Contenduirtipli,
736 1607 863 1686 ¹tabulas
886 1616 1119 1715 geographicas

92 1773 94 1786 .
212 1744 253 1788 ex
274 1710 434 1786 methodo
449 1714 647 1808 Seffoniana
660 1709 788 1787 facilius
810 1715 968 1806 construi,
994 1720 1028 1786 dt
1055 1713 1129 1788 ufi·'

210 1818 268 1888 bus
284 1811 438 1890 adhiberi.
488 1815 570 1887 Non
586 1811 780 1905 inficiamur,¹
804 1811 1041 1888 facilitatem&
1056 1818 1118 1890 uti·

161 1909 336 2004 'litatem
378 1905 470 1987 illam
506 1913 755 2018 quodamnodo
787 1923 940 1988 eminere.
995 1907 1117 1990 Solent

122 2074 126 2083 .
210 2017 300 2091 c'nim
314 2013 391 2092 fieta
412 2021 447 2086 dt
473 2022 597 2087 veritati
621 2033 711 2116 repu'
724 2022 832 2088 nantia
853 2013 962 2116 saepius
977 2011 1017 2087 ad
1032 2036 1116 2110 tem·
1146 2009 1148 2014 ¹

106 2167 109 2172 ,
203 2131 269 2219 'pus
278 2113 418 2189 'feliciter
433 2111 612 2200 succedere,
629 2145 665 2189 ac
676 2043 747 2206 ufus
762 2113 922 2217 spondere
934 2114 1021 2188 haud
1034 2133 1116 2190 con·

207 2205 410 2300 temnendos.
466 2214 591 2290 Praestat
615 2231 727 2290 tamen
755 2215 942 2290 fidlionibus
969 2224 1128 2317 genuina‘

133 2393 148 2419 N
206 2321 345 2392 veritatis
359 2314 486 2387 indoles
503 2372 513 2399 ,
534 2310 725 2398 lifidliones
736 2317 844 2391 ordini
858 2343 968 2390 rerum
989 2316 1042 2390 vel
1056 2346 1113 2392 na·

137 2507 140 2512 Ι
173 2505 177 2512 ¹
205 2417 312 2513 rurali,
327 2414 379 2486 vcl
392 2415 521 2501 morali,
536 2437 726 2518 repugnant.
777 2421 859 2489 Sunt
873 2417 985 2502 multa,
1002 2413 1112 2510 credo,

140 2513 166 2560 ·’
203 2524 289 2612 huic¹
307 2513 452 2589 faciliora
488 2517 641 2605 homini,
673 2545 742 2618 quac
771 2515 820 2588 illi
850 2511 922 2591 sunt
956 2516 1111 2616 difficilia.

202 2617 348 2693 Facilitas
363 2618 529 2689 aclionum
542 2637 672 2716 paratur
686 2625 920 2710 exercitationis
936 2619 1109 2700 beneficio.

100 2799 104 2806 ,
201 2709 287 2794 Usus
306 2718 504 2814 Sansonianae
529 2717 679 2814 methodi
699 2725 744 2810 in
756 2747 797 2792 eo
818 2719 984 2807 conlillit,
1012 2739 1048 2793 ut
1069 2749 1109 2793 ae·

202 2821 312 2925 quales
319 2821 517 2919 Mapparum
530 2840 648 2920 partes,
662 2826 709 2906 in
723 2803 861 2922 longum
878 2819 1030 2908 latumve,
1044 2849 1108 2898 nec

114 2921 124 2938 ⁸
189 2929 327 3014 'nonen
341 2915 532 3016 transuerso,
546 2941 653 3020 captas,
679 2916 816 2992 eandem
830 2916 918 2993 scala
931 2921 1108 3023 geometriss

200 3021 245 3098 ca
267 3018 507 3123 longitudinem
532 3017 736 3098 constituant.
787 3020 850 3094 Sed
877 3029 947 3124 quis
976 3019 1124 3110 dixerit,

93 3127 130 3173 ‘²
199 3123 236 3214 in
256 3127 380 3295 Maglpa
401 3121 504 3224 globi,
524 3117 673 3222 sphaeric'e
689 3105 875 3212 {laboratm
900 3121 987 3195 haud
1014 3119 1120 3223 polse'

197 3233 322 3300 interva
349 3221 534 3295 alocorurn
557 3230 680 3295 circino
697 3219 873 3318 mensurari
899 3253 935 3296 ac
954 3223 1104 3299 dinume-
1145 3257 1148 3268 ·

196 3317 279 3424 rari?
303 3327 427 3398 Nonn'e
448 3311 485 3396 in
499 3319 566 3494 iffa
594 3324 725 3416 tabula,
748 3353 817 3428 quae
848 3323 985 3429 globum
1008 3324 1104 3400 tellu-

195 3435 238 3501 ris
261 3422 485 3526 reprasentat,
524 3450 662 3499 ocorum
684 3427 851 3501 intervalla
883 3424 1101 3518 innotescunt,

195 3513 290 3620 lirnul
306 3555 341 3600 ac
355 3554 408 3611 ea,
435 3531 557 3598 circino
572 3525 822 3628 comprehensa,
847 3523 1043 3620 transtuleris
1066 3535 1102 3600 in

194 3633 422 3730 AEqrtatorcm?
453 3631 497 3722 Et
526 3633 597 3729 quis
621 3631 763 3729 negabit,
786 3629 1029 3704 intervallorum
1052 3627 1126 3718 diff·

193 3727 378 3808 mensiones
394 3735 429 3801 in
449 3727 579 3834 reliquis
594 3732 726 3830 Mappis
740 3734 978 3834 geographicis,
994 3730 1100 3834 legiti-

201 3853 206 3862 ‘
760 3853 763 3860 '
1043 3849 1100 3907 'ma

932 4057 937 4088 l
