2634 4517
136 215 222 320 ’μμ
335 281 349 316 a
474 241 645 314 -ἰ“’
742 281 744 286 ·

185 423 223 500 4
285 449 295 464 ,
420 351 466 450 ›t‹
574 349 618 448 v
685 350 773 466 ,rt
832 443 836 452 .
1014 379 1057 514 a
1144 451 1147 460 ,

142 531 272 628 potuit„
301 525 361 596 nili
383 544 436 595 aut
456 530 594 622 irnperio
611 520 787 611 decedere,
811 545 864 604 aut
884 532 979 626 capiti
999 517 1057 599 suo

147 649 309 713 incutere,
327 633 484 697 continuo
507 624 612 697 vellet.
663 628 794 697 Nonrnt
816 634 904 720 enirn
930 650 1060 718 ornnes,¹

146 728 381 826 ateiuporibus
395 724 472 817 inde
495 731 573 797 Iulii
596 726 727 819 Gestaris
743 734 776 798 ὃ(
797 731 924 824 Adrasti
950 725 1096 827 ΜΨ(
1189 807 1193 814 .

147 853 271 902 ratores
313 831 481 900 Romanos
514 855 590 898 curn
626 825 785 897 maiestate
815 835 942 927 imperii
977 835 1057 922 tanti

149 929 381 1002 Pontifictrurn
414 935 594 998 inaxinuun
625 924 751 1026 semper
782 905 997 1017 coniunxisse,
1022 936 1057 1002 δ(
1118 927 1121 943 '

147 1029 312 1104 sacronun
334 1028 448 1130 populi
467 1033 561 1100 huius
598 1054 669 1099 non
697 1036 934 1131 minus,qua1n
954 1036 1074 1131 seipas
1103 1048 1105 1054 '
1183 1067 1186 1076 ·

149 1130 251 1216 blica,
275 1127 442 1227 supremos
466 1127 686 1200 moderatores
713 1127 812 1202 fuisse.
867 1131 927 1229 ipsi
951 1134 1056 1230 Impp.
1109 1140 1137 1200 .“
1189 1173 1192 1184 ·

149 1231 324 1306 Chrisliani
356 1230 546 1331 dignitatern
577 1229 783 1302 Pontificatus
814 1239 946 1305 ruarirni
977 1239 1057 1304 tanti

149 1330 314 1432 pondero,
328 1330 448 1431 sibique
463 1353 530 1404 taur
544 1325 758 1418 necessariam,
769 1330 955 1422 iudicarunt,
969 1355 1003 1405 ut
1017 1331 1059 1406 ad
1100 1407 1108 1424 ,

151 1443 308 1507 Gratiani
326 1430 424 1533 usque
440 1454 586 1530 tempor-a
603 1427 648 1525 ea
670 1428 701 1503 se
723 1429 864 1505 abdicare
879 1462 948 1506 non
964 1433 1058 1508 aude
1148 1439 1172 1470 ’”
1213 1473 1216 1486 ·

150 1554 232 1606 rent.
285 1535 430 1606 Habetur
451 1540 485 1614 in
502 1535 571 1605 Cal.
593 1534 739 1627 Theodaſs
756 1534 822 1606 Lib.
846 1540 926 1624 XVI
948 1540 1062 1610 Tur
1087 1567 1114 1592 .-
1150 1565 1155 1582 ¹
1192 1531 1205 1548 ’

151 1645 186 1727 ff.
203 1664 215 1706 1
241 1633 438 1706 Constitutio
447 1636 704 1728 CotylautiniM.
721 1636 759 1705 dt
773 1664 852 1706 auno
867 1663 932 1728 321,
948 1643 982 1707 in
996 1641 1061 1739 qua·

151 1752 212 1810 ce'u
226 1732 377 1807 Pontifex
383 1736 548 1808 Maximus
563 1732 719 1835 quaedam
733 1743 814 1808 circa
827 1733 1060 1836 haruspicinam
1086 1736 1117 1800 0¹*
1190 1791 1192 1796 -

152 1842 392 1911 Rornanorum·
412 1832 527 1922 sancit,
552 1835 763 1937 religioni&
793 1833 1060 1935 superstitionibus
1101 1837 1126 1930 Ἰ
1205 1889 1210 1896 -

153 1937 267 2038 populi
282 1935 365 2009 illius
389 1932 548 2023 consona,
574 1943 718 2038 quamvis
738 1934 868 2010 dudtun·
883 1958 955 2011 ante
976 1935 1061 2012 sacra
1118 1941 1120 1946 ’
1198 1941 1202 1946 ’

88 2129 94 2136 ,
154 2038 413 2111 Christianorum
434 2032 602 2136 probasset,
622 2044 658 2109 ὅ(
674 2037 799 2137 publice
821 2031 1011 2114 celebraret(
1025 2033 1060 2111 St

151 2140 185 2214 id
214 2138 291 2212 secit
318 2142 540 2233 Constantiani
559 2137 773 2226 Christianus,
806 2147 840 2213 <it
861 2168 921 2239 pro
945 2142 1008 2215 tali·
1020 2139 1060 2214 ab

153 2243 305 2315 omnibus
320 2246 462 2341 agnitus3
485 2245 554 2341 quis
570 2238 712 2311 dubitare
727 2240 833 2341 possit,
849 2238 956 2314 secisse
971 2241 1072 2316 idern·

153 2339 295 2447 qiroque,
310 2342 408 2414 sicubi
422 2369 471 2413 res
486 2339 519 2413 id
535 2348 686 2441 exigeret,
700 2346 926 2432 Alexandrum,
942 2350 996 2447 qui
1015 2364 1060 2416 ta·

153 2472 233 2518 men
256 2448 455 2543 ceteroquin,
481 2450 525 2513 uti
542 2450 578 2513 in
595 2447 668 2545 liita
683 2451 747 2515 eius
770 2442 946 2519 observavit
967 2453 1072 2545 Lam·x

147 2548 281 2649 pridiur
298 2552 370 2645 Cap
393 2551 437 2630 ὅσ,
457 2550 568 2614 omnia
582 2545 859 2618 veiiernentiliinie
880 2546 1060 2621 contemsit.

153 2654 264 2748 ltaque
279 2674 297 2716 a
311 2639 594 2717 consultationibus
605 2647 802 2719 Pontificum
816 2647 957 2722 derebus
969 2646 1060 2720 sacris
1090 2709 1092 2718 .

154 2744 257 2820 abesse
283 2772 355 2819 non
375 2752 497 2845 potuit,
530 2741 719 2819 sententiam
739 2744 827 2820 suani
848 2757 944 2834 etiarn
971 2749 1061 2835 dixit,

1174 1335 1180 1366 i

156 2847 222 2937 sed,
237 2854 347 2953 quanti
362 2850 430 2918 haec
451 2853 562 2919 omnia
583 2844 712 2936 faceret,
737 2844 806 2920 satis
827 2878 867 2922 eo
881 2848 1067 2944 declaravit,
1135 2829 1138 2842 Ι
1165 2911 1169 2926 ,,

157 2949 247 3054 quod
268 2950 307 3022 ab
336 2954 492 3121 opnione
512 2943 566 3019 sua
590 2954 626 3018 in
652 2951 703 3019 his
731 2943 923 3022 discedentes
950 2959 1062 3023 animo
1165 2971 1175 2986 ·

156 3049 334 3155 aequiffimo
363 3068 456 3136 erret,
470 3046 741 3121 animadvertente
759 3058 793 3123 ὅ(
806 3054 871 3123 hoc
879 3054 1064 3156 lampridio

160 3162 234 3255 Cap.
252 3182 296 3227 22.
347 3151 428 3223 Non
442 3158 543 3251 magis
559 3151 646 3246 lierrit
661 3149 718 3249 ipfi
733 3150 1063 3252 aCapitolio&sacrie
1168 3194 1173 3216 ι

157 3252 333 3328 solenniter
354 3251 515 3325 celebratis
535 3247 652 3339 abesse,
677 3250 733 3325 etsi
752 3252 814 3340 id,
826 3266 901 3327 cuin
922 3247 1063 3330 omnini)

158 3357 309 3458 religioni
330 3355 557 3427 Romanorum
578 3351 721 3425 dandum
741 3349 834 3443 esset,
862 3354 966 3453 faeere
986 3385 1063 3431 con·

158 3455 292 3531 sueverit
318 3452 457 3556 septimo
487 3460 599 3554 quovis
626 3452 695 3543 die,
729 3455 826 3558 quod·
853 3467 962 3562 utique
987 3466 1064 3532 ritus
1137 3541 1140 3546 ,
1189 3465 1192 3472 ’

161 3558 419 3632 Christianorum
437 3552 545 3657 sapere
560 3552 691 3629 videtur.
741 3556 853 3630 Multo
869 3569 975 3632 minus
989 3587 1065 3659 pro
1168 3615 1174 3622 -

160 3663 271 3742 hibere
292 3663 409 3762 potuit,
430 3684 496 3760 quo
510 3663 617 3730 imaus
639 3665 765 3744 nurnuii
786 3659 911 3761 publica
933 3665 1065 3733 Senatus
1129 3720 1133 3726 .
1201 3651 1206 3668 “

957 3764 1065 3838 autin
1137 3779 1141 3786 '
