2634 4517
273 312 379 403 ⁵²4
523 281 781 398 aa
877 299 942 399 a·
1048 174 1192 292 “¹

314 465 457 556 hatuiusss
479 497 561 548 mox
580 470 733 572 largiores
752 479 866 560 etiarm
888 471 968 547 nihil
980 471 1196 546 dubitaremus

313 570 426 650 faeere.
452 573 566 676 Neque
578 579 737 675 cuiquam,
751 573 871 650 tunetsr
908 575 1026 676 letique
1045 572 1195 646 nostrum

311 672 511 759 delicatioris,
535 679 570 758 dt
584 699 624 747 cx
641 676 838 746 thermarum
851 603 907 746 ussa
920 681 1014 747 etiam
1028 670 1193 758 saslidioli,

312 771 431 848 fire'rint
444 773 622 866 ventriculi,
646 780 742 846 noxia
759 771 820 845 suit
834 801 870 846 ea
891 773 1072 861 curiositas5
1113 781 1192 874 quin

308 894 411 964 erant,
434 882 580 976 quinqua
602 899 646 946 ea·
664 881 775 945 vinum
796 877 1038 976 Huugaricum,
1052 869 1191 975 genero·

307 969 378 1048 sum
395 973 486 1062 illud,
501 969 632 1062 iniicere
645 969 734 1072 posse
754 995 907 1078 optarent.
1141 981 1145 988 ’

409 1091 442 1134 Q·
638 1087 642 1113 .'
729 1123 733 1138 1
950 1109 957 1116 .

355 1173 412 1248 Vl.
438 1173 498 1249 Isia
510 1169 598 1248 fic&
610 1201 650 1246 ex
662 1199 750 1262 vero,
771 1167 914 1271 plurium
929 1199 1089 1247 annorum
1105 1125 1223 1272 curis⁹

265 1295 269 1304 '
304 1273 462 1359 adhibitis,
487 1271 737 1362 observavimus3
761 1293 797 1346 ut
810 1269 886 1346 ferri
903 1279 979 1346 hinc
993 1271 1088 1372 possit
1103 1271 1187 1344 iudi·

94 1385 98 1392 '
186 1377 193 1390 ‘
304 1381 407 1458 cium,
432 1375 558 1452 ressene
572 1377 611 1446 ab
623 1380 766 1479 Agricola
789 1380 824 1447 ἀ
848 1377 1008 1454 Werrtbero
1037 1370 1187 1471 pestilen-

299 1493 346 1548 tes
364 1471 470 1576 specus
483 1477 596 1547 huiatis
618 1473 841 1578 exspirationes
863 1475 1067 1576 appellentur.
1102 1469 1186 1545 ¹Nu·

279 1602 394 1678 ¹pems
410 1571 558 1675 scriptor,
580 1583 664 1648 virus
685 1601 785 1650 omne
804 1573 853 1646 uel
869 1603 886 1646 a
900 1595 988 1648 terrac
1001 1567 1184 1673 putredine,

299 1673 352 1750 vel
371 1675 542 1776 stagnantis
569 1671 676 1748 neseio
707 1682 793 1748 cirins
824 1677 970 1746 humoris
1001 1671 1181 1760 vitiositate,

296 1783 478 1874 provenite,
498 1772 655 1848 audaciter
678 1775 843 1857 existimat,
879 1799 953 1874 quas
977 1777 1181 1872 opinationes

295 1871 432 1976 lingulas
471 1881 537 1947 iam
562 1882 765 1948 excutiamus.
834 1876 876 1946 Et
904 1871 1179 1972 primoquidem,

181 2029 190 2057 -,
208 2063 211 2068 Ι
241 1975 245 1984 “
293 1973 415 2047 taanetli
431 1975 561 2048 lethales
575 1975 636 2050 smt
644 1979 881 2050 cavernaehuius
895 1971 1020 2060 halitus,
1028 1971 1178 2070 peslilen·

191 2132 195 2143 .
290 2092 338 2148 tes
352 2097 436 2147 certe
449 2101 519 2146 non
532 2073 625 2148 sunt:
662 2085 780 2178 quippe
800 2080 942 2176 quinon
964 2075 1006 2147 ob
1021 2099 1084 2143 con
1109 2079 1177 2144 eni·

253 2175 267 2204 ‘¹'
290 2192 372 2260 urin,
395 2179 430 2249 dt
464 2173 530 2246 uud
544 2169 649 2246 secum
664 2179 825 2260 veherent,
851 2179 934 2246 virus
956 2192 1089 2244 enecant
1108 2178 1177 2243 ani·

289 2279 427 2356 mantia,
442 2199 502 2345 led
518 2298 558 2346 ex
570 2273 667 2358 caulis
682 2274 758 2361 aliis,
772 2292 847 2376 quas
861 2295 941 2344 mox
955 2269 1176 2348 indicabimus.

288 2373 477 2456 Enimvero,
497 2371 756 2473 fipcslilentiales
774 2369 873 2444 ess‘ent
894 2368 1119 2472 exspirationes
1136 2371 1175 2442 il-

287 2471 336 2560 lae,
358 2499 444 2572 aque
459 2470 537 2557 bibi,
559 2470 785 2546 multominus
806 2472 1085 2545 eneslrhalitibus
1108 2470 1174 2546 illis

158 2645 161 2652 ,
287 2570 492 2660 animalcula,
522 2579 570 2647 uti
594 2572 668 2644 sunt
685 2573 763 2676 galli
784 2571 970 2672 gallinacei,
994 2570 1091 2654 nardi,
1117 2597 1174 2671 pa-

235 2725 239 2731 ·
283 2671 419 2760 lumbes,
443 2697 479 2744 ae
509 2669 678 2772 lepusculi,
701 2671 847 2760 comedi,
872 2669 939 2744 line
954 2678 1037 2766 vitae,
1055 2666 1172 2747 saltem

282 2769 425 2848 melioris
440 2771 637 2862 valetudinis,
644 2773 827 2862 iamenu
843 2767 1075 2875 possent,quod
1091 2772 1171 2850 faci·

281 2892 342 2945 unt
362 2891 471 2946 tamen
490 2875 605 2974 procul
629 2881 722 2948 omni
736 2899 840 2964 noxa,
866 2881 921 2972 qui
944 2877 990 2946 rei
1016 2872 1171 2950 inusitatae

279 2969 401 3046 faciunt
421 2979 694 3072 experimentum,
731 2969 809 3049 dum
840 2979 874 3042 in
894 2975 1028 3050 thermis
1052 2975 1170 3049 huiati·

278 3072 346 3161 bus,
360 3094 413 3146 aut
426 3079 536 3163 animi,
548 3095 601 3146 aut
614 3071 810 3158 salubritatis,
825 3065 923 3164 carisa,
938 3075 1051 3147 lavant.
1103 3077 1169 3152 Sed

276 3191 367 3245 terrac
385 3171 471 3246 sorte
490 3174 646 3273 putredo,
671 3193 729 3247 aut
748 3173 919 3272 stagnantis
948 3181 1169 3275 cuiuscunque

273 3274 421 3346 humoris
451 3279 583 3362 vitium,
606 3275 747 3348 exitiales
772 3271 847 3348 illos
869 3278 975 3348 nutus
994 3273 1165 3373 exspirant.

212 3421 216 3442 2
273 3373 319 3444 Aa·
347 3372 469 3448 horum
522 3374 649 3448 rofesio
665 3395 815 3450 neutrum
834 3375 888 3448 ell.
938 3373 1075 3459 Nam,fi
1097 3379 1166 3452 hoc

272 3465 430 3560 adtnittas,
458 3398 573 3547 halitus
594 3491 735 3549 cavernas¹
756 3469 887 3563 craffos,
912 3495 1006 3576 atquc
1024 3475 1163 3550 nebulo·

268 3565 340 3657 sos,
365 3597 481 3673 aquam
501 3593 613 3651 uonna
627 3575 804 3667 turbidam,
828 3583 862 3652 &
881 3575 1055 3660 molestum
1069 3575 1163 3751 Ἓξ
